@inproceedings{vowk2004evolutionary,
  title={An evolutionary approach generates human competitive coreware programs},
  author={Vowk, Barkley and Wait, Alexander Sasha and Schmidt, Christian},
  booktitle={Workshop and Tutorial Proceedings Ninth International Conference on the Simulation and Synthesis of Living Systems (Alife XI)},
  pages={33--36},
  year={2004},
  organization={Citeseer}
}

@article{lassabe2008morphogenese,
  title={Morphogenese et Evolution de Cr{\'e}atures artificielles},
  author={Lassabe, Nicolas},
  journal={These de doctorat, Universit{\'e} des Sciences Sociales, Toulouse, France},
  year={2008}
}

@inproceedings{corno2004evolution,
  title={On the evolution of corewar warriors},
  author={Corno, Fulvio and Sanchez, Ernesto and Squillero, Giovanni},
  booktitle={Proceedings of the 2004 Congress on Evolutionary Computation (IEEE Cat. No. 04TH8753)},
  volume={1},
  pages={133--138},
  year={2004},
  organization={IEEE}
}

@inproceedings{pracner2007categorizing,
  title={Categorizing evolved CoreWar warriors using EM and attribute evaluation},
  author={Pracner, Doni and Toma{\v{s}}ev, Nenad and Radovanovi{\'c}, Milo{\v{s}} and Ivanovi{\'c}, Mirjana},
  booktitle={International Workshop on Machine Learning and Data Mining in Pattern Recognition},
  pages={681--693},
  year={2007},
  organization={Springer}
}

@misc{morrellmy,
  title={My First Corewar Book},
  author={Morrell, Steven}
}

@misc{corewar, 
 title={Integrated development environment amp; simulator}, 
 url={https://www.corewar.io/}, journal={Corewar}
}

